% Physical Review X

@article{babbush2018,
  title = {{Encoding Electronic Spectra in Quantum Circuits with Linear T Complexity}},
  author = {Babbush, Ryan and Gidney, Craig and Berry, Dominic W. and Wiebe, Nathan and McClean, Jarrod and Paler, Alexandru and Fowler, Austin and Neven, Hartmut},
  journal = {{Physical Review X}},
  volume = {8},
  number = {4},
  pages = {041015(1--36)},
  year = {2018},
  publisher = {APS},
  doi = {10.1103/PhysRevX.8.041015},
  note = {arXiv:1805.03662}
}

@article{jones2012layered,
  title = {{Layered Architecture for Quantum Computing}},
  author = {Jones, N. Cody and Van Meter, Rodney and Fowler, Austin G. and McMahon, Peter L. and Kim, Jungsang and Ladd, Thaddeus D. and Yamamoto, Yoshihisa},
  journal = {{Physical Review X}},
  volume = {2},
  number = {3},
  pages = {031007},
  year = {2012},
  publisher = {APS},
  doi = {10.1103/PhysRevX.2.031007},
  note = {arXiv:1010.5022}
}


% Physical Review A

@article{fowler2012surfacecodereview,
  title = {{Surface codes: Towards practical large-scale quantum computation}},
  author = {Fowler, Austin G. and Mariantoni, Matteo and Martinis, John M. and Cleland, Andrew N.},
  journal = {{Physical Review A}},
  volume = {86},
  number = {3},
  year = {2012},
  pages = {032324},
  doi = {10.1103/PhysRevA.86.032324},
  note = {arXiv:1208.0928}
}

@article{vedral1996arithmetic,
  title = {{Quantum networks for elementary arithmetic operations}},
  author = {Vedral, Vlatko and Barenco, Adriano and Ekert, Artur},
  journal = {{Physical Review A}},
  volume = {54},
  number = {1},
  pages = {147--153},
  year = {1996},
  publisher = {APS},
  doi = {10.1103/PhysRevA.54.147},
  note = {arXiv:quant-ph/9511018}
}

@article{bravyi2005distillation,
  title = {{Universal quantum computation with ideal Clifford gates and noisy ancillas}},
  author = {Bravyi, Sergey and Kitaev, Alexei},
  journal = {{Physical Review A}},
  volume = {71},
  number = {2},
  pages = {022316},
  year = {2005},
  publisher = {APS},
  doi = {10.1103/PhysRevA.71.022316},
  note = {arXiv:quant-ph/0403025}
}

@article{ogorman2017factories,
  title = {{Quantum computation with realistic magic-state factories}},
  author = {O'Gorman, Joe and Campbell, Earl T.},
  journal = {{Physical Review A}},
  volume = {95},
  number = {3},
  pages = {032338},
  year = {2017},
  publisher = {APS},
  doi = {10.1103/PhysRevA.95.032338},
  note = {arXiv:1605.07197}
}

@article{van2005fastexponentiation,
  title = {{Fast quantum modular exponentiation}},
  author = {Van Meter, Rodney and Itoh, Kohei M.},
  journal = {{Physical Review A}},
  volume = {71},
  number = {5},
  pages = {052320},
  year = {2005},
  publisher = {APS},
  doi = {10.1103/PhysRevA.71.052320},
  note = {arXiv:quant-ph/0408006}
}

@article{beckman1996efficient,
  title = {{Efficient networks for quantum factoring}},
  author = {Beckman, David and Chari, Amalavoyal N. and Devabhaktuni, Srikrishna and Preskill, John},
  journal = {{Physical Review A}},
  volume = {54},
  number = {2},
  pages = {1034},
  year = {1996},
  publisher = {APS},
  doi = {10.1103/PhysRevA.54.1034},
  note = {arXiv:quant-ph/9602016}
}

@article{oi2006scalable,
  title = {{Scalable error correction in distributed ion trap computers}},
  author = {Oi, Daniel K. L. and Devitt, Simon J. and Hollenberg, Lloyd C. L.},
  journal = {{Physical Review A}},
  volume = {74},
  number = {5},
  pages = {052313},
  year = {2006},
  publisher = {APS},
  doi = {10.1103/PhysRevA.74.052313},
  note = {arXiv:quant-ph/0606226}
}


% Physical Review Letters

@article{griffiths1996semiclassical,
  title = {{Semiclassical Fourier Transform for Quantum Computation}},
  author = {Griffiths, Robert B. and Niu, Chi-Sheng},
  journal = {{Physical Review Letters}},
  volume = {76},
  number = {17},
  pages = {3228--3231},
  year = {1996},
  month = {April},
  publisher = {APS},
  doi = {10.1103/PhysRevLett.76.3228},
  note = {arXiv:quant-ph/9511007}
}

@article{parker2000recycle,
  title = {{Efficient Factorization with a Single Pure Qubit and $\log N$ Mixed Qubits}},
  author = {S. Parker and Plenio, Martin B.},
  journal = {{Physical Review Letters}},
  volume = {85},
  number = {14},
  pages = {3049},
  year = {2000},
  month = {October},
  publisher = {APS},
  doi = {10.1103/PhysRevLett.85.3049},
  note = {arXiv:quant-ph/0001066}
}

@article{bocharov2015rus,
  title = {{Efficient Synthesis of Universal Repeat-Until-Success Quantum Circuits}},
  author = {Bocharov, Alex and Roetteler, Martin and Svore, Krysta M.},
  journal = {{Physical Review Letters}},
  volume = {114},
  issue = {8},
  pages = {080502},
  numpages = {5},
  year = {2015},
  month = {Feb},
  publisher = {APS},
  doi = {10.1103/PhysRevLett.114.080502},
  note = {arXiv:1404.5320}
}


% Nature

@article{Bare13,
  title = {{Superconducting quantum circuits at the surface code threshold for fault tolerance}},
  author = {R. Barends and J. Kelly and A. Megrant and A. Veitia and D. Sank and E. Jeffrey and T. C. White and J. Mutus and A. G. Fowler and B. Campbell and Y. Chen and Z. Chen and B. Chiaro and A. Dunsworth and C. Neill and P. O'Malley and P. Roushan and A. Vainsencher and J. Wenner and A. N. Korotkov and A. N. Cleland and John M. Martinis},
  journal = {Nature},
  volume = {508},
  year = {2014},
  month = {April},
  pages = {500--503},
  doi = {10.1038/nature13171},
  note = {arXiv:1402.4848}
}


% Quantum Information & Computation

@article{beauregard2002shor,
  title = {{Circuit for Shor's algorithm using $2n+3$ qubits}},
  author = {Beauregard, Stéphane},
  journal = {{Quantum Information \& Computation}},
  volume = {3},
  number = {2},
  pages = {175--185},
  year = {2003},
  publisher = {Rinton Press},
  doi = {10.26421/QIC3.2-8},
  note = {arXiv:quant-ph/0205095}
}

@article{pavlidis2012fast,
  title = {{Fast quantum modular exponentiation architecture for Shor's factorization algorithm}},
  author = {Pavlidis, Archimedes and Gizopoulos, Dimitris},
  journal = {{Quantum Information \& Computation}},
  volume = {14},
  number = {7--8},
  pages = {649--682},
  year = {2014},
  publisher = {Rinton Press},
  doi = {10.26421/QIC14.7-8-8},
  note = {arXiv:1207.0511}
}

@article{haner2016factoring,
  title = {{Factoring using $2n+2$ qubits with Toffoli based modular multiplication}},
  author = {H{\"a}ner, Thomas and Roetteler, Martin and Svore, Krysta M.},
  journal = {{Quantum Information \& Computation}},
  volume = {17},
  number = {7--8},
  pages = {673--684},
  year = {2017},
  publisher = {Rinton Press},
  doi = {10.26421/QIC17.7-8-7},
  note = {arXiv:1611.07995}
}

@article{draper2004logarithmic,
  title = {{A logarithmic-depth quantum carry-lookahead adder}},
  author = {Draper, Thomas G. and Kutin, Samuel A. and Rains, Eric M. and Svore, Krysta M.},
  journal = {{Quantum Information \& Computation}},
  volume = {6},
  number = {4--5},
  pages = {351--369},
  year = {2006},
  publisher = {Rinton Press},
  doi = {10.26421/QIC6.4-5-4},
  note = {arXiv:quant-ph/0406142},
}

@article{hastings2014dislocations,
  title = {{Reduced Space-Time and Time Costs Using Dislocation Codes and Arbitrary Ancillas}},
  author = {Hastings, Matthew B. and Geller, Alan},
  journal = {{Quantum Information \& Computation}},
  volume = {15},
  number = {11--12},
  pages = {962–986},
  year = {2015},
  publisher = {Rinton Press},
  doi = {10.26421/QIC15.11-12-6},
  note = {arXiv:1408.3379}
}


% Quantum

@article{campbell2018constraintsatisfaction,
  title = {{Applying quantum algorithms to constraint satisfaction problems}},
  author = {Campbell, Earl and Khurana, Ankur and Montanaro, Ashley},
  journal = {{Quantum}},
  volume = {3},
  pages = {167},
  year = {2019},
  publisher = {{Verein zur F{\"{o}}rderung des Open Access Publizierens in den Quantenwissenschaften}},
  doi = {10.22331/q-2019-07-18-167},
  note = {arXiv:1810.05582}
}

@article{gidney2018addition,
  title = {{Halving the cost of quantum addition}},
  author = {Gidney, Craig},
  journal = {{Quantum}},
  volume = {2},
  pages = {74},
  year = {2018},
  publisher = {Verein zur F{\"o}rderung des Open Access Publizierens in den Quantenwissenschaften},
  doi = {10.22331/q-2018-06-18-74},
  note = {arXiv:1709.06648}
}

@article{gidney2018magic,
  title = {{Efficient magic state factories with a catalyzed $|\text{CCZ}\rangle$ to $2|\text{T}\rangle$ transformation}},
  author = {Gidney, Craig and Fowler, Austin G.},
  journal = {{Quantum}},
  volume = {3},
  pages = {135},
  year = {2019},
  publisher = {Verein zur F{\"o}rderung des Open Access Publizierens in den Quantenwissenschaften},
  doi = {10.22331/q-2019-04-30-135},
  note = {arXiv:1812.01238}
}

@article{haah2018codes,
  title = {{Codes and Protocols for Distilling $T$, controlled-$S$, and Toffoli Gates}},
  author = {Haah, Jeongwan and Hastings, Matthew B.},
  journal = {{Quantum}},
  volume = {2},
  pages = {71},
  year = {2018},
  publisher = {Verein zur F{\"o}rderung des Open Access Publizierens in den Quantenwissenschaften},
  doi = {10.22331/q-2018-06-07-71},
  note = {arXiv:1709.02832}
}

@article{berry2019qubitization,
  title = {{Qubitization of Arbitrary Basis Quantum Chemistry Leveraging Sparsity and Low Rank Factorization}},
  author = {Berry, Dominic W. and Gidney, Craig and Motta, Mario and McClean, Jarrod R. and Babbush, Ryan},
  journal = {{Quantum}},
  volume = {3},
  pages = {208},
  year = {2019},
  publisher = {{Verein zur F{\"{o}}rderung des Open Access Publizierens in den Quantenwissenschaften}},
  doi = {10.22331/q-2019-12-02-208},
  note = {arXiv:1902.02134}
}

@article{litinski2019magic,
  title = {{Magic State Distillation: Not as Costly as You Think}},
  author = {Litinski, Daniel},
  journal = {{Quantum}},
  volume = {3},
  pages = {205},
  year = {2019},
  publisher = {{Verein zur F{\"{o}}rderung des Open Access Publizierens in den Quantenwissenschaften}},
  doi = {10.22331/q-2019-12-02-205},
  note = {arXiv:1905.06903},
}


% IEEE Transactions on Information Theory

@article{pohlig-hellman,
  title = {{An Improved Algorithm for Computing Logarithms over GF($p$) and Its Cryptographic Significance}},
  author = {Pohlig, Stephen C. and Hellman, Martin E.},
  journal = {{IEEE Transactions on Information Theory}},
  volume = {IT-24},
  number = {1},
  pages = {106--110},
  year = {1978},
  publisher = {IEEE},
  doi = {10.1109/TIT.1978.1055817}
}

@article{diffie-hellman,
  title = {{New Directions in Cryptography}},
  author = {Diffie, Whitfield and Hellman, Martin E.},
  journal = {{IEEE Transactions on Information Theory}},
  volume = {IT-22},
  number = {6},
  pages = {644--654},
  year = {1976},
  publisher = {IEEE},
  doi = {10.1109/TIT.1976.1055638}
}


% Other journals

@article{ekeraa2018general,
  title = {{Quantum algorithms for computing general discrete logarithms and orders with tradeoffs}},
  author = {Eker{\aa}, Martin},
  journal = {{Journal of Mathematical Cryptology}},
  volume = {15},
  number = {1},
  pages = {359--407},
  year = {2021},
  publisher = {De Gruyter},
  doi = {10.1515/jmc-2020-0006},
  note = {(To appear.) iacr:2018/797}
}
 
@article{mosca2018cybersecurity,
  title = {{Cybersecurity in an Era with Quantum Computers: Will We Be Ready?}},
  author = {Mosca, Michele},
  journal = {{IEEE Security \& Privacy}},
  volume = {16},
  number = {5},
  pages = {38--41},
  year = {2018},
  publisher = {IEEE},
  doi = {10.1109/MSP.2018.3761723},
  note = {iacr:2015/1075}
}

@article{schonhage1971multiply,
  title = {{Schnelle Multiplikation großer Zahlen}},
  author = {Sch{\"o}nhage, Arnold and Strassen, Volker},
  journal = {{Computing}},
  volume = {7},
  number = {3--4},
  pages = {281--292},
  year = {1971},
  publisher = {Springer},
  doi = {10.1007/BF02242355}
}

@article{meter2008arithmetic,
  title = {{Arithmetic on a distributed-memory quantum multicomputer}},
  author = {Van Meter, Rodney and Munro, W. J. and Nemoto, Kae and Itoh, Kohei M.},
  journal = {{ACM Journal on Emerging Technologies in Computing Systems (JETC)}},
  volume = {3},
  number = {4},
  articleno = {2},
  pages = {1--23},
  numpages = {23},
  year = {2008},
  publisher = {ACM},
  doi = {10.1145/1324177.1324179}
}

@article{jiang2010scalable,
  title = {{Scalable quantum networks based on few-qubit registers}},
  author = {Jiang, Liang and Taylor, Jacob M. and S{\o}rensen, Anders S. and Lukin, Mikhail D.},
  journal = {{International Journal of Quantum Information}},
  volume = {8},
  number = {01n02},
  pages = {93--104},
  year = {2010},
  publisher = {World Scientific},
  doi = {10.1142/S0219749910006058}
}

@article{lenstra-verheul-model-2001,
  title = {{Selecting Cryptographic Key Sizes}},
  author = {Lenstra, Arjen K. and Verheul, Eric R.},
  journal = {{Journal of Cryptology}},
  volume = {14},
  pages = {225--293},
  year = {2001},
  publisher = {Springer},
  doi = {10.1007/s00145-001-0009-4}
}

@article{horsman2012latticesurgery,
  title = {{Surface code quantum computing by lattice surgery}},
  author = {Horsman, Clare and Fowler, Austin G. and Devitt, Simon and Van Meter, Rodney},
  journal = {{New Journal of Physics}},
  volume = {14},
  number = {12},
  pages = {123011},
  year = {2012},
  publisher = {IOP Publishing},
  doi = {10.1088/1367-2630/14/12/123011},
  note = {arXiv:1111.4022}
}

@article{karatsuba1962multiplication,
  title = {{Multiplication of many-digital numbers by automatic computers}},
  author = {Karatsuba, Anatolii Alekseevich and Ofman, Yuri Petrovich},
  journal = {{Doklady Akademii Nauk SSSR}},
  volume = {145},
  number = {2},
  pages = {293--294},
  year = {1962},
  publisher = {Russian Academy of Sciences},
  url = {http://mi.mathnet.ru/eng/dan/v145/i2/p293}
}

@article{schroeder2009dram,
  title = {{DRAM Errors in the Wild: A Large-Scale Field Study}},
  author = {Schroeder, Bianca and Pinheiro, Eduardo and Weber, Wolf-Dietrich},
  journal = {{SIGMETRICS Performance Evaluation Review}},
  volume = {37},
  number = {1},
  pages = {193--204},
  year = {2009},
  publisher = {ACM},
  doi = {10.1145/1555349.1555372}
}

@article{ekeraa2017pp,
  title = {{On post-processing in the quantum algorithm for computing short discrete logarithms}},
  author = {Eker{\aa}, Martin},
  journal = {{Designs, Codes and Cryptography}},
  volume = {88},
  number = {11},
  pages = {2313--2335},
  year = {2020},
  publisher = {Springer},
  doi = {10.1007/s10623-020-00783-2},
  note = {iacr:2017/1122}
}

@article{gordon,
  title = {{Discrete logarithms in GF($p$) using the Number Field Sieve}},
  author = {Gordon, Daniel M.},
  journal = {{SIAM Journal on Discrete Mathematics}},
  volume = {6},
  number = {1},
  year = {1993},
  pages = {124--138},
  doi = {10.1137/0406010}
}

@article{schirokauer,
  title = {{Discrete Logarithms and Local Units}},
  author = {Schirokauer, Oliver},
  journal = {{Philosophical Transactions of the Royal Society of London A}},
  volume = {345},
  number = {1676},
  year = {1993},
  pages = {409--423},
  doi = {10.1098/rsta.1993.0139}
}

@article{pollard-rho-lambda,
  title = {{Monte Carlo Methods for Index Computation (mod $p$)}},
  author = {Pollard, John M.},
  journal = {{Mathematics of Computation}},
  volume = {32},
  number = {143},
  year = {1978},
  pages = {918--924},
  publisher = {ACM},
  doi = {10.1090/s0025-5718-1978-0491431-9}
}

@article{pomerance1996atale,
  title = {{A Tale of Two Sieves}},
  author = {Pomerance, Carl},
  journal = {{Notices of the AMS}},
  volume = {43},
  number = {12},
  pages = {1473--1485},
  year = {1996},
  publisher = {AMS},
  url = {https://www.ams.org/notices/199612/pomerance.pdf}
}

@article{rsa,
  title = {{A Method for Obtaining Digital Signatures and Public-Key Cryptosystems}},
  author = {Rivest, Ronald L. and Shamir, Adi and Adleman, Leonard},
  journal = {{Communications of the ACM}},
  volume = {21},
  number = {2},
  pages = {120--126},
  year = {1978},
  publisher = {ACM},
  doi = {10.1145/359340.359342}
}

@article{fowler2013surfaceblock,
  title = {{Surface code implementation of block code state distillation}},
  author = {Fowler, Austin G. and Devitt, Simon J. and Jones, Cody},
  journal = {{Scientific Reports}},
  volume = {3},
  pages = {1939},
  year = {2013},
  publisher = {Nature Publishing Group},
  doi = {10.1038/srep01939},
  note = {arXiv:1301.7107}
}

@article{van2010distributed,
  title = {{Distributed quantum computation architecture using semiconductor nanophotonics}},
  author = {Van Meter, Rodney and Ladd, Thaddeus D. and Fowler, Austin G. and Yamamoto, Yoshihisa},
  journal = {{International Journal of Quantum Information}},
  volume = {8},
  number = {01n02},
  pages = {295--323},
  year = {2010},
  publisher = {World Scientific},
  doi = {10.1142/S0219749910006435},
  note = {arXiv:0906.2686}
}

@article{oskin2002practical,
  title = {{A practical architecture for reliable quantum computers}},
  author = {Oskin, Mark and Chong, Frederic T. and Chuang, Isaac L.},
  journal = {{Computer}},
  volume = {35},
  number = {1},
  pages = {79--87},
  year = {2002},
  publisher = {IEEE},
  doi = {10.1109/2.976922}
}

@article{copsey2003toward,
  title = {{Toward a scalable, silicon-based quantum computing architecture}},
  author = {Copsey, Dean and Oskin, Mark and Impens, Francois and Metodiev, Tzvetan and Cross, Andrew and Chong, Frederic T. and Chuang, Isaac L. and Kubiatowicz, John},
  journal = {{IEEE Journal of Selected Topics in Quantum Electronics}},
  volume = {9},
  number = {6},
  pages = {1552--1569},
  year = {2003},
  publisher = {IEEE},
  doi = {10.1109/JSTQE.2003.820922}
}


% ArXiv

@article{cuccaro2004adder,
  title = {{A new quantum ripple-carry addition circuit}},
  author = {Cuccaro, Steven A. and Draper, Thomas G. and Kutin, Samuel A. and Moulton, David Petrie},
  journal = {arXiv preprint quant-ph/0410184},
  year = {2004},
  url = {https://arxiv.org/abs/quant-ph/0410184}
}

@article{fowler2012time,
  title = {{Time-optimal quantum computation}},
  author = {Fowler, Austin G.},
  journal = {arXiv preprint arXiv:1210.4626},
  year = {2012},
  url = {https://arxiv.org/abs/1210.4626}
}

@article{fowler2018,
  title = {{Low overhead quantum computation using lattice surgery}},
  author = {Fowler, Austin G. and Gidney, Craig},
  journal = {arXiv preprint arXiv:1808.06709},
  year = {2018},
  url = {https://arxiv.org/abs/1808.06709}
}

@article{gidney2017factoring,
  title = {{Factoring with $n+2$ clean qubits and $n-1$ dirty qubits}},
  author = {Gidney, Craig},
  journal = {arXiv preprint arXiv:1706.07884},
  year = {2017},
  url = {https://arxiv.org/abs/1706.07884}
}

@article{zalka1998fast,
  title = {{Fast versions of Shor's quantum factoring algorithm}},
  author = {Zalka, Christof},
  journal = {arXiv preprint quant-ph/9806084},
  year = {1998},
  url = {https://arxiv.org/abs/quant-ph/9806084}
}

@article{zalka2006pure,
  title = {{Shor's algorithm with fewer (pure) qubits}},
  author = {Zalka, Christof},
  journal = {arXiv preprint quant-ph/0601097},
  year = {2006},
  url = {https://arxiv.org/abs/quant-ph/0601097}
}

@article{gheorghiu2019cryptanalysis,
  title = {{Benchmarking the quantum cryptanalysis of symmetric, public-key and hash-based cryptographic schemes}},
  author = {Gheorghiu, Vlad and Mosca, Michele},
  journal = {arXiv preprint arXiv:1902.02332},
  year = {2019},
  url = {https://arxiv.org/abs/1902.02332}
}

@article{gidney2019windowedarithmetic,
  title = {{Windowed quantum arithmetic}},
  author = {Craig Gidney},
  journal = {arXiv preprint arXiv:1905.07682},
  year = {2019},
  url = {https://arxiv.org/abs/1905.07682}
}

@article{gidney2019autoccz,
  title = {{Flexible layout of surface code computations using AutoCCZ states}},
  author = {Craig Gidney and Austin G. Fowler},
  journal = {arXiv preprint arXiv:1905.08916},
  year = {2019},
  url = {https://arxiv.org/abs/1905.08916}
}

@article{gidney2019approximatepermutation,
  title = {{Approximate encoded permutations and piecewise quantum adders}},
  author = {Craig Gidney},
  journal = {arXiv preprint arXiv:1905.08488},
  year = {2019},
  url = {https://arxiv.org/abs/1905.08488},
}

@article{gidney2019karatsuba,
  title = {{Asymptotically Efficient Quantum Karatsuba Multiplication}},
  author = {Gidney, Craig},
  journal = {arXiv preprint arXiv:1904.07356},
  year = {2019},
  url = {https://arxiv.org/abs/1904.07356},
}

@article{ekeraa2019revisiting,
  title = {{Revisiting Shor’s quantum algorithm for computing general discrete logarithms}},
  author = {Martin Eker{\aa}},
  journal = {arXiv preprint arXiv:1905.09084},
  year = {2019},
  url = {https://arxiv.org/abs/1905.09084},
}

@article{kutin2006shor,
  title = {{Shor's algorithm on a nearest-neighbor machine}},
  author = {Kutin, Samuel A.},
  journal = {arXiv preprint quant-ph/0609001},
  year = {2006},
  url = {https://arxiv.org/abs/quant-ph/0609001}
}


% IACR Archive

@article{ekeraa2016modifying,
  title = {{Modifying Shor's algorithm to compute short discrete logarithms}},
  author = {Eker{\aa}, Martin},
  journal = {Cryptology ePrint Archive, Report 2016/1128},
  year = {2016},
  url = {https://eprint.iacr.org/2016/1128},
}


% Conference contributions

@inproceedings{parent2017karatsuba,
  title = {{Improved reversible and quantum circuits for Karatsuba-based integer multiplication}},
  author = {Parent, Alex and Roetteler, Martin and Mosca, Michele},
  booktitle = {{12th Conference on the Theory of Quantum Computation, Communication and Cryptography (TQC 2017)}},
  series = {{Leibniz International Proceedings in Informatics (LIPIcs)}},
  volume = {73},
  pages = {7:1--7:15},
  year = {2018},
  publisher = {{Schloss Dagstuhl -- Leibniz-Zentrum für Informatik}},
  doi = {10.4230/LIPIcs.TQC.2017.7},
  note = {arXiv:1706.03419}
}

@inproceedings{Kim2014,
  title = {{Flipping bits in memory without accessing them: An experimental study of DRAM disturbance errors}},
  author = {Y. Kim and R. Daly and J. Kim and C. Fallin and J. H. Lee and D. Lee and C. Wilkerson and K. Lai and O. Mutlu},
  booktitle = {{2014 ACM/IEEE 41st International Symposium on Computer Architecture (ISCA)}}, 
  pages = {361--372},
  year = {2014},
  publisher = {IEEE},
  doi = {10.1109/ISCA.2014.6853210},
}

@inproceedings{shor1994,
  title = {{Algorithms for Quantum Computation: Discrete Logarithms and Factoring}},
  author = {Shor, Peter W.},
  booktitle = {{Proceedings 35th Annual Symposium on Foundations of Computer Science}}, 
  pages = {124--134},
  year = {1994},
  publisher = {IEEE},
  doi = {10.1109/SFCS.1994.365700}
}

@inproceedings{lenstra-nfs,
  title = {{The number field sieve}},
  author = {Lenstra, Arjen K. and Lenstra Jr., Hendrik W. and Manasse, Mark S. and Pollard, John M.},
  booktitle = {{Proceedings of the Twenty-Second Annual ACM Symposium on Theory of Computing}},
  pages = {564--572},
  year = {1990},
  publisher = {ACM},
  doi = {10.1145/100216.100295}
}

@inproceedings{whitney2009fault,
  title = {{A fault tolerant, area efficient architecture for Shor's factoring algorithm}},
  author = {Whitney, Mark G. and Isailovic, Nemanja and Patel, Yatish and Kubiatowicz, John},
  booktitle = {{Proceedings of the 36th Annual International Symposium on Computer Architecture}},
  pages = {383--394},
  year = {2009},
  publisher = {ACM},
  doi = {10.1145/1555754.1555802}
}

@inproceedings{cleve2000fast,
  title = {{Fast parallel circuits for the quantum Fourier transform}},
  author = {Cleve, Richard and Watrous, John},
  booktitle = {{Proceedings 41st Annual Symposium on Foundations of Computer Science}}, 
  pages = {526--536},
  year = {2000},
  publisher = {IEEE},
  doi = {10.1109/SFCS.2000.892140}
}

@inproceedings{mosca1999recycle,
  title = {{The Hidden Subgroup Problem and Eigenvalue Estimation on a Quantum Computer}},
  author = {Mosca, Michele and Ekert, Artur},
  booktitle = {{Quantum Computing and Quantum Communications}},
  series = {{Lecture Notes in Computer Science (LNCS)}},
  volume = {1509},
  pages = {174--188},
  year = {1999},
  publisher = {Springer},
  doi = {10.1007/3-540-49208-9_15}
}

@inproceedings{oorschot,
  title = {{On Diffie-Hellman Key Agreement with Short Exponents}},
  author = {{van} Oorschot, Paul C. and Wiener, Michael J.},
  booktitle = {{Advances in Cryptology -- EUROCRYPT '96}},
  series = {{Lecture Notes in Computer Science (LNCS)}},
  volume = {1070},
  pages = {332--343},
  year = {1996},
  publisher = {Springer},
  doi = {10.1007/3-540-68339-9_29}
}

@inproceedings{roetteler2017quantum,
  title = {{Quantum Resource Estimates for Computing Elliptic Curve Discrete Logarithms}},
  author = {Roetteler, Martin and Naehrig, Michael and Svore, Krysta M. and Lauter, Kristin},
  booktitle = {{Advances in Cryptology -- ASIACRYPT 2017}},
  series = {{Lecture Notes in Computer Science (LNCS)}},
  volume = {10625},
  pages = {241--270},
  year = {2017},
  publisher = {Springer},
  doi = {10.1007/978-3-319-70697-9_9}
}

@inproceedings{boudot-rsa829,
  title = {{Comparing the Difficulty of Factorization and Discrete Logarithm: A 240-Digit Experiment}},
  author = {Boudot, Fabrice and Gaudry, Pierrick and Guillevic, Aurore and Heninger, Nadia and Thomé, Emmanuel and Zimmermann, Paul},
  booktitle = {{Advances in Cryptology -- CRYPTO 2020}},
  series = {{Lecture Notes in Computer Science (LNCS)}},
  volume = {12171},
  pages = {62--91},
  year = {2020},
  publisher = {Springer},
  doi = {10.1007/978-3-030-56880-1_3}
}

@inproceedings{kleinjung-rsa768,
  title = {{Factorization of a 768-Bit RSA Modulus}},
  author = {Kleinjung, Thorsten and Aoki, Kazumaro and Franke, Jens and Lenstra, Arjen K. and Thomé, Emmanuel and Bos, Joppe W. and Gaudry, Pierrick and Kruppa, Alexander and Montgomery, Peter L. and Osvik, Dag Arne and Herman, te Riele and Timofeev, Andrey and Zimmermann, Paul},
  booktitle = {{Advances in Cryptology -- CRYPTO 2010}},
  series = {{Lecture Notes in Computer Science (LNCS)}},
  volume = {6223},
  pages = {333--350},
  year = {2010},
  publisher = {Springer},
  doi = {10.1007/978-3-642-14623-7_18}
}

@inproceedings{ekeraa2017quantum,
  title = {{Quantum Algorithms for Computing Short Discrete Logarithms and Factoring RSA Integers}},
  author = {Eker{\aa}, Martin and H{\aa}stad, Johan},
  booktitle = {{Post-Quantum Cryptography}},
  series = {{Lecture Notes in Computer Science (LNCS)}},
  volume = {10346},
  pages = {347--363},
  year = {2017},
  publisher = {Springer},
  doi = {10.1007/978-3-319-59879-6_20}
}


% Books and book chapters

@incollection{pollard-cubic, 
  title = {{Factoring with cubic integers}},
  author = {Pollard, John M.},
  booktitle = {{The Development of the Number Field Sieve}},
  series = {{Lecture Notes in Mathematics (LNM)}},
  volume = {1554},
  pages = {4--10},
  year = {1993},
  publisher = {Springer},
  doi = {10.1007/BFb0091536}
}

@incollection{pollard-nfs-sieving,
  title = {{The lattice sieve}},
  author = {Pollard, John M.},
  booktitle = {{The Development of the Number Field Sieve}},
  series = {{Lecture Notes in Mathematics (LNM)}},
  volume = {1554},
  pages = {43--49},
  year = {1993},
  publisher = {Springer},
  doi = {10.1007/BFb0091538}
}

@incollection{buhler-nfs,
  title = {{Factoring integers with the number field sieve}},
  author = {Buhler, J. P. and Lenstra Jr., H. W. and Pomerance, Carl},
  booktitle = {{The Development of the Number Field Sieve}},
  series = {{Lecture Notes in Mathematics (LNM)}},
  volume = {1554},
  pages = {50--94},
  year = {1993},
  publisher = {Springer},
  doi = {10.1007/BFb0091539}
}

@incollection{lenstra-model-2004,
  title = {{Key Lengths}},
  author = {Lenstra, Arjen K.},
  booktitle = {{The Handbook of Information Security}},
  chapter = {6},
  year = {2004},
  url = {https://infoscience.epfl.ch/record/164539/files/NPDF-32.pdf}
}

@book{nfs-book,
  editor = {Lenstra, Arjen K. and Lenstra Jr., Hendrik W.},
  title = {{The Development of the Number Field Sieve}},
  series = {{Lecture Notes in Mathematics (LNM)}},
  volume = {1554},
  year = {1993},
  publisher = {Springer},
  doi = {10.1007/BFb0091534}
}


% Other resources

@misc{ssh-keygen-man-page2018,
  title = {{Linux Documentation: Man Page for \texttt{ssh-keygen(1)}}},
  author = {{The OpenSSH Project}},
  howpublished = {\url{https://linux.die.net/man/1/ssh-keygen}},
  year = {2018},
  note = {{Accessed: 2018-12-11}},
  url = {https://linux.die.net/man/1/ssh-keygen}
}

@misc{gpg-faq-key-size2018,
  title = {{GnuPG Frequently Asked Questions: Why does GnuPG default to 2048 bit RSA-2048?}},
  author = {{The GnuPG Project}},
  howpublished = {\url{https://www.gnupg.org/faq/gnupg-faq.html\#default_rsa2048}},
  year = {2018},
  note = {{Accessed: 2018-12-11}},
  url = {https://www.gnupg.org/faq/gnupg-faq.html\#default_rsa2048}
}

@misc{open-ssl-source2018,
  title = {{OpenSSL source code: Line 32 of \texttt{apps/dhparam.c}}},
  author = {{OpenSSL Software Foundation}},
  howpublished = {\url{https://github.com/openssl/openssl/blob/07f434441e7ea385f975e8df8caa03e62222ca61/apps/dhparam.c\#L32}},
  year = {2018},
  note = {{Accessed: 2018-12-11}},
  url = {https://github.com/openssl/openssl/blob/07f434441e7ea385f975e8df8caa03e62222ca61/apps/dhparam.c\#L32}
}

@misc{Timeline,
  title = {{Timeline of quantum computing}},
  author = {{Wikipedia}},
  howpublished = {\url{https://en.wikipedia.org/wiki/Timeline_of_quantum_computing}},
  year = {2018},
  note = {{Accessed: 2018-12-18}},
  url = {https://en.wikipedia.org/wiki/Timeline_of_quantum_computing}
}

@misc{keylength2019,
  title = {{Cryptographic Key Length Recommendation}},
  author = {{BlueKrypt}},
  howpublished="\url{https://www.keylength.com}",
  year = {2019},
  note = {{Accessed: 2019-03-03}},
  url = {https://www.keylength.com}
}

@misc{google2016postquantum,
  title = {{Experimenting with post-quantum cryptography}},
  author = {Braithwaite, Matt},
  howpublished="\url{https://security.googleblog.com/2016/07/experimenting-with-post-quantum.html}",
  year = {2016},
  month = {July},
  url = {https://security.googleblog.com/2016/07/experimenting-with-post-quantum.html},
}

@misc{vanquantumcomputerarchitecture,
  title = {{A \#QuantumComputerArchitecture Tweetstorm}},
  author = {Van Meter, Rodney},
  year = {2019},
  doi = {10.5281/zenodo.3496597}
}


% NIST and FIPS

@techreport{alagic2019status,
  title = {{Status Report on the First Round of the NIST Post-Quantum Cryptography Standardization Process}},
  author = {Alagic, Gorjan and Alperin-Sheriff, Jacob and Apon, Daniel and Cooper, David and Dang, Quynh and Liu, Yi-Kai and Miller, Carl and Moody, Dustin and Peralta, Rene and Perlner, Ray and Robinson, Angela and Smith-Tone, Daniel},
  number = {NIST Internal Report (NISTIR) 8240},
  year = {2019},
  month = {January},
  institution = {NIST},
  doi = {10.6028/NIST.IR.8240}
}

@techreport{nist-sp-800-56-part1-rev3-2018,
  title = {{Recommendation for Pair-Wise Key-Establishment Schemes Using Discrete Logarithm Cryptography}},
  author = {Barker, Elaine and Chen, Lily and Roginsky, Allen and Vassilev, Apostol and Davis, Richard},
  number = {NIST Special Publication (SP) 800-56A, Rev.~3},
  year = {2018},
  month = {April},
  institution = {NIST},
  doi = {10.6028/NIST.SP.800-56Ar3}
}

@techreport{nist-sp-800-56-part2-rev2-2018,
  title = {{Recommendation for Pair-Wise Key Establishment Using Integer Factorization Cryptography}},
  author = {Barker, Elaine and Chen, Lily and Roginsky, Allen and Vassilev, Apostol and Davis, Richard and Simon, Scott},
  number = {NIST Special Publication (SP) 800-56B, Rev.~2},
  year = {2019},
  month = {March},
  institution = {NIST},
  doi = {10.6028/NIST.SP.800-56Br2}
}

@techreport{fips-186-4,
  title = {{Digital Signature Standard (DSS)}},
  author = {NIST},
  number = {Federal Information Processing Standards Publications (FIPS PUBS) 186-4},
  year = {2013},
  month = {July},
  doi = {10.6028/NIST.FIPS.186-4}
}

@techreport{fips-140-2-IG,
  title = {{Implementation Guidance for FIPS 140-2 and the Cryptographic Module Validation Program}},
  author = {NIST and CCCS},
  year = {2019},
  month = {May},
  note = {{Accessed: 2019-05-10, Document Revision: 2019-05-07}},
  url = {https://csrc.nist.gov/csrc/media/projects/cryptographic-module-validation-program/documents/fips140-2/fips1402ig.pdf}
}

% RFCs

@misc{rfc-tls,
  title = {{RFC 7919: Negotiated Finite Field Diffie-Hellman Ephemeral Parameters for Transport Layer Security (TLS)}},
  author = {Gillmor, D.},
  year = {2016},
  month = {August},
  doi = {10.17487/RFC7919}
}

@misc{rfc-ike,
  title = {{RFC 3526: More Modular Exponentiation (MODP) Diffie-Hellman groups for Internet Key Exchange (IKE)}},
  author = {Kivinen, T. and Kojo, M.},
  year = {2003},
  month = {May},
  doi = {10.17487/RFC3526}
}


% Theses

@phdthesis{schirokauer-thesis,
  title = {{On pro-finite groups and on discrete logarithms}},
  author = {Schirokauer, Oliver},
  school = {University of California, Berkeley},
  year = {1992},
  month = {May}
}